%YAML 1.1
%TAG !u! tag:unity3d.com,2011:
--- !u!1 &178916
GameObject:
  m_ObjectHideFlags: 0
  m_PrefabParentObject: {fileID: 0}
  m_PrefabInternal: {fileID: 100100000}
  serializedVersion: 4
  m_Component:
  - 4: {fileID: 455782}
  - 33: {fileID: 3389340}
  - 23: {fileID: 2327154}
  - 135: {fileID: 13553116}
  - 54: {fileID: 5430970}
  - 114: {fileID: 11459970}
  - 114: {fileID: 11401336}
  m_Layer: 0
  m_Name: Coin
  m_TagString: Untagged
  m_Icon: {fileID: 0}
  m_NavMeshLayer: 0
  m_StaticEditorFlags: 0
  m_IsActive: 1
--- !u!4 &455782
Transform:
  m_ObjectHideFlags: 1
  m_PrefabParentObject: {fileID: 0}
  m_PrefabInternal: {fileID: 100100000}
  m_GameObject: {fileID: 178916}
  m_LocalRotation: {x: 0, y: 0, z: 0, w: 1}
  m_LocalPosition: {x: 0, y: 9.75, z: 0}
  m_LocalScale: {x: .400000006, y: .400000006, z: 1}
  m_Children: []
  m_Father: {fileID: 0}
  m_RootOrder: 0
--- !u!23 &2327154
MeshRenderer:
  m_ObjectHideFlags: 1
  m_PrefabParentObject: {fileID: 0}
  m_PrefabInternal: {fileID: 100100000}
  m_GameObject: {fileID: 178916}
  m_Enabled: 1
  m_CastShadows: 1
  m_ReceiveShadows: 1
  m_Materials:
  - {fileID: 2100000, guid: a4715b7c1033f1746bbc8c3ffc82ee20, type: 2}
  m_SubsetIndices: 
  m_StaticBatchRoot: {fileID: 0}
  m_UseLightProbes: 1
  m_ReflectionProbeUsage: 1
  m_ProbeAnchor: {fileID: 0}
  m_ScaleInLightmap: 1
  m_PreserveUVs: 0
  m_ImportantGI: 0
  m_AutoUVMaxDistance: .5
  m_AutoUVMaxAngle: 89
  m_LightmapParameters: {fileID: 0}
  m_SortingLayerID: 0
  m_SortingOrder: 0
--- !u!33 &3389340
MeshFilter:
  m_ObjectHideFlags: 1
  m_PrefabParentObject: {fileID: 0}
  m_PrefabInternal: {fileID: 100100000}
  m_GameObject: {fileID: 178916}
  m_Mesh: {fileID: 4300004, guid: 00718395eefb6084bb25555f962f25c0, type: 3}
--- !u!54 &5430970
Rigidbody:
  m_ObjectHideFlags: 1
  m_PrefabParentObject: {fileID: 0}
  m_PrefabInternal: {fileID: 100100000}
  m_GameObject: {fileID: 178916}
  serializedVersion: 2
  m_Mass: 1
  m_Drag: 0
  m_AngularDrag: .0500000007
  m_UseGravity: 0
  m_IsKinematic: 1
  m_Interpolate: 0
  m_Constraints: 0
  m_CollisionDetection: 0
--- !u!114 &11401336
MonoBehaviour:
  m_ObjectHideFlags: 1
  m_PrefabParentObject: {fileID: 0}
  m_PrefabInternal: {fileID: 100100000}
  m_GameObject: {fileID: 178916}
  m_Enabled: 1
  m_EditorHideFlags: 0
  m_Script: {fileID: 11500000, guid: af64e16431cec4c4bab0f11e88c6d902, type: 3}
  m_Name: 
  m_EditorClassIdentifier: 
  speed: 180
  way: 1
--- !u!114 &11459970
MonoBehaviour:
  m_ObjectHideFlags: 1
  m_PrefabParentObject: {fileID: 0}
  m_PrefabInternal: {fileID: 100100000}
  m_GameObject: {fileID: 178916}
  m_Enabled: 1
  m_EditorHideFlags: 0
  m_Script: {fileID: 11500000, guid: 33607e24f3d064cf38cafb600232db7b, type: 3}
  m_Name: 
  m_EditorClassIdentifier: 
  value: 1
  explosionPrefab: {fileID: 118968, guid: 14916a30622ad4d44989c8ee10bba194, type: 2}
--- !u!135 &13553116
SphereCollider:
  m_ObjectHideFlags: 1
  m_PrefabParentObject: {fileID: 0}
  m_PrefabInternal: {fileID: 100100000}
  m_GameObject: {fileID: 178916}
  m_Material: {fileID: 0}
  m_IsTrigger: 1
  m_Enabled: 1
  serializedVersion: 2
  m_Radius: .439999998
  m_Center: {x: 5.96046448e-07, y: -5.96046448e-08, z: 6.10947609e-07}
--- !u!1001 &100100000
Prefab:
  m_ObjectHideFlags: 1
  serializedVersion: 2
  m_Modification:
    m_TransformParent: {fileID: 0}
    m_Modifications:
    - target: {fileID: 0}
      propertyPath: m_UseGravity
      value: 0
      objectReference: {fileID: 0}
    - target: {fileID: 0}
      propertyPath: m_IsKinematic
      value: 1
      objectReference: {fileID: 0}
    - target: {fileID: 0}
      propertyPath: explosionPrefab
      value: 
      objectReference: {fileID: 118968, guid: 14916a30622ad4d44989c8ee10bba194, type: 2}
    - target: {fileID: 0}
      propertyPath: m_StartWidth
      value: .200000003
      objectReference: {fileID: 0}
    - target: {fileID: 0}
      propertyPath: m_Colors.m_Color[0].rgba
      value: 4278251007
      objectReference: {fileID: 0}
    - target: {fileID: 0}
      propertyPath: m_Colors.m_Color[2].rgba
      value: 2516613631
      objectReference: {fileID: 0}
    - target: {fileID: 0}
      propertyPath: m_Colors.m_Color[3].rgba
      value: 1677736703
      objectReference: {fileID: 0}
    - target: {fileID: 0}
      propertyPath: m_Colors.m_Color[4].rgba
      value: 838861055
      objectReference: {fileID: 0}
    - target: {fileID: 0}
      propertyPath: speed
      value: 180
      objectReference: {fileID: 0}
    - target: {fileID: 0}
      propertyPath: way
      value: 1
      objectReference: {fileID: 0}
    m_RemovedComponents: []
  m_ParentPrefab: {fileID: 0}
  m_RootGameObject: {fileID: 178916}
  m_IsPrefabParent: 1
